@article{viola1997alignment,
  title={Alignment by maximization of mutual information},
  author={Viola, Paul and Wells III, William M},
  journal={International journal of computer vision},
  volume={24},
  number={2},
  pages={137--154},
  year={1997},
  publisher={Springer}
}